@article{author1,
author = {Ferreira, Silvan and Costa, Esdras and Dahia, MÃ¡rcio and Vieira Rocha, Jampierre},
year = {2022},
month = {04},
pages = {},
title = {A Transformer-Based Contrastive Learning Approach for Few-Shot Sign Language Recognition},
doi = {10.48550/arXiv.2204.02803}
}

@misc{OndralolMLVisualization,
  author       = {Ondralol},
  title        = {ML Visualization},
  year         = {2025},
  url          = {https://github.com/Ondralol/ML_visualization},
}

@article{KNNWikipedia,
  author       = {Wikipedia},
  title        = {K-nearest neighbors algorithm --- Wikipedia, The Free Encyclopedia},
  year         = {2025},
  url          = {https://en.wikipedia.org/wiki/K-nearest_neighbors_algorithm},
}

@misc{AirQualityKaggle,
  author       = {Mujtaba Matin},
  title        = {Air Quality and Pollution Assessment Dataset},
  year         = {2025},
  url          = {https://www.kaggle.com/datasets/mujtabamatin/air-quality-and-pollution-assessment/data},
}
