@article{author1,
author = {Ferreira, Silvan and Costa, Esdras and Dahia, MÃ¡rcio and Vieira Rocha, Jampierre},
year = {2022},
month = {04},
pages = {},
title = {A Transformer-Based Contrastive Learning Approach for Few-Shot Sign Language Recognition},
doi = {10.48550/arXiv.2204.02803}
}